%% This BibTeX bibliography file was created using BibDesk.
%% http://bibdesk.sourceforge.net/

%% Created for sundaymouse at 2017-11-17 01:29:44 +0000 


%% Saved with string encoding Unicode (UTF-8) 



@inproceedings{aviram2016drown,
	Author = {Aviram, Nimrod and others},
	Booktitle = {USENIX Security Symposium},
	Date-Added = {2017-11-17 01:29:40 +0000},
	Date-Modified = {2017-11-17 01:29:44 +0000},
	Pages = {689--706},
	Title = {DROWN: Breaking TLS Using SSLv2.},
	Year = {2016}}

@inproceedings{adrian2015imperfect,
	Author = {Adrian, David and others},
	Booktitle = {Proceedings of the 22nd ACM SIGSAC Conference on Computer and Communications Security},
	Date-Added = {2017-11-17 01:24:46 +0000},
	Date-Modified = {2017-11-17 01:24:50 +0000},
	Organization = {ACM},
	Pages = {5--17},
	Title = {Imperfect forward secrecy: How Diffie-Hellman fails in practice},
	Year = {2015}}

@article{yang2012concurrency,
	Author = {Yang, Junfeng and others},
	Date-Added = {2017-11-17 01:20:56 +0000},
	Date-Modified = {2017-11-17 01:21:05 +0000},
	Journal = {HotPar},
	Pages = {15},
	Title = {Concurrency Attacks},
	Volume = {12},
	Year = {2012}}

@inproceedings{bond2014chip,
	Author = {Bond, Mike and others},
	Booktitle = {Security and Privacy (SP), 2014 IEEE Symposium on},
	Date-Added = {2017-11-17 01:18:12 +0000},
	Date-Modified = {2017-11-17 01:18:16 +0000},
	Organization = {IEEE},
	Pages = {49--64},
	Title = {Chip and Skim: cloning EMV cards with the pre-play attack},
	Year = {2014}}

@article{kargl2008secure,
	Author = {Kargl, Frank and others},
	Date-Added = {2017-11-17 01:12:52 +0000},
	Date-Modified = {2017-11-17 01:12:56 +0000},
	Journal = {IEEE Communications Magazine},
	Number = {11},
	Publisher = {IEEE},
	Title = {Secure vehicular communication systems: implementation, performance, and research challenges},
	Volume = {46},
	Year = {2008}}

@article{diffie1992authentication,
	Author = {Diffie, Whitfield and others},
	Date-Added = {2017-11-17 01:05:04 +0000},
	Date-Modified = {2017-11-17 01:05:08 +0000},
	Journal = {Designs, Codes and cryptography},
	Number = {2},
	Pages = {107--125},
	Publisher = {Springer},
	Title = {Authentication and authenticated key exchanges},
	Volume = {2},
	Year = {1992}}

@inproceedings{bellare1993entity,
	Author = {Bellare, Mihir and Rogaway, Phillip},
	Booktitle = {Crypto},
	Date-Added = {2017-11-17 01:02:42 +0000},
	Date-Modified = {2017-11-17 01:02:42 +0000},
	Organization = {Springer},
	Pages = {232--249},
	Title = {Entity Authentication and Key Distribution.},
	Volume = {93},
	Year = {1993}}

@inproceedings{papadimitratos2002secure,
	Author = {Papadimitratos, Panos and Haas, Zygmunt J},
	Booktitle = {the SCS Commnication Networks and Distributed Systems Modeling and Simulation Conference (CNDS), San Antonio, TX, January 27-31, 2002},
	Date-Added = {2017-11-17 00:55:36 +0000},
	Date-Modified = {2017-11-17 00:55:36 +0000},
	Pages = {193--204},
	Title = {Secure routing for mobile ad hoc networks},
	Year = {2002}}

@inproceedings{xu2012aurasium,
	Author = {Xu, Rubin and others},
	Booktitle = {USENIX Security Symposium},
	Date-Added = {2017-11-17 00:45:11 +0000},
	Date-Modified = {2017-11-17 00:45:15 +0000},
	Title = {Aurasium: practical policy enforcement for android applications.},
	Volume = {2012},
	Year = {2012}}

@article{payer2011fine,
	Author = {Payer, Mathias and Gross, Thomas R},
	Date-Added = {2017-11-17 00:43:00 +0000},
	Date-Modified = {2017-11-17 00:43:00 +0000},
	Journal = {ACM SIGPLAN Notices},
	Number = {7},
	Pages = {157--168},
	Publisher = {ACM},
	Title = {Fine-grained user-space security through virtualization},
	Volume = {46},
	Year = {2011}}

@article{watson2007exploiting,
	Author = {Watson, Robert NM},
	Date-Added = {2017-11-17 00:40:50 +0000},
	Date-Modified = {2017-11-17 00:40:50 +0000},
	Journal = {WOOT},
	Pages = {1--8},
	Title = {Exploiting Concurrency Vulnerabilities in System Call Wrappers.},
	Volume = {7},
	Year = {2007}}

@article{lowe1997using,
	Author = {Lowe, Gavin and Roscoe, Bill},
	Date-Added = {2017-11-17 00:33:50 +0000},
	Date-Modified = {2017-11-17 00:33:50 +0000},
	Journal = {IEEE transactions on Software Engineering},
	Number = {10},
	Pages = {659--669},
	Publisher = {IEEE},
	Title = {Using CSP to detect errors in the TMN protocol},
	Volume = {23},
	Year = {1997}}

@inproceedings{lowe1996breaking,
	Author = {Lowe, Gavin},
	Booktitle = {International Workshop on Tools and Algorithms for the Construction and Analysis of Systems},
	Date-Added = {2017-11-17 00:26:08 +0000},
	Date-Modified = {2017-11-17 00:26:08 +0000},
	Organization = {Springer},
	Pages = {147--166},
	Title = {Breaking and fixing the Needham-Schroeder public-key protocol using FDR},
	Year = {1996}}

@article{lamport1984hoare,
	Author = {Lamport, Leslie and Schneider, Fred B},
	Date-Added = {2017-11-17 00:22:36 +0000},
	Date-Modified = {2017-11-17 00:22:36 +0000},
	Journal = {ACM Transactions on Programming Languages and Systems (TOPLAS)},
	Number = {2},
	Pages = {281--296},
	Publisher = {ACM},
	Title = {The``Hoare Logic''of CSP, and All That},
	Volume = {6},
	Year = {1984}}

@inproceedings{whitten1999johnny,
	Author = {Whitten, Alma and Tygar, J Doug},
	Booktitle = {USENIX Security Symposium},
	Date-Added = {2017-11-16 23:29:40 +0000},
	Date-Modified = {2017-11-16 23:29:40 +0000},
	Title = {Why Johnny Can't Encrypt: A Usability Evaluation of PGP 5.0.},
	Volume = {348},
	Year = {1999}}

@article{needham1978using,
	Author = {Needham, Roger M and Schroeder, Michael D},
	Date-Added = {2017-11-16 23:25:20 +0000},
	Date-Modified = {2017-11-16 23:25:20 +0000},
	Journal = {Communications of the ACM},
	Number = {12},
	Pages = {993--999},
	Publisher = {ACM},
	Title = {Using encryption for authentication in large networks of computers},
	Volume = {21},
	Year = {1978}}

@inproceedings{beurdouche2015messy,
	Author = {Beurdouche, Benjamin and others},
	Booktitle = {Security and Privacy (SP), 2015 IEEE Symposium on},
	Date-Added = {2017-11-16 21:58:37 +0000},
	Date-Modified = {2017-11-16 21:58:53 +0000},
	Organization = {IEEE},
	Pages = {535--552},
	Title = {A messy state of the union: Taming the composite state machines of TLS},
	Year = {2015}}

@book{anderson2010security,
	Author = {Anderson, Ross J},
	Date-Added = {2017-11-16 21:57:27 +0000},
	Date-Modified = {2017-11-16 21:57:27 +0000},
	Publisher = {John Wiley \& Sons},
	Title = {Security engineering: a guide to building dependable distributed systems},
	Year = {2010}}

@inproceedings{burrows1989logic,
	Author = {Burrows, Michael and others},
	Booktitle = {Proceedings of the Royal Society of London A: Mathematical, Physical and Engineering Sciences},
	Date-Added = {2017-11-16 21:55:41 +0000},
	Date-Modified = {2017-11-16 21:58:45 +0000},
	Number = {1871},
	Organization = {The Royal Society},
	Pages = {233--271},
	Title = {A logic of authentication},
	Volume = {426},
	Year = {1989}}
