%% This BibTeX bibliography file was created using BibDesk.
%% http://bibdesk.sourceforge.net/

%% Created for sundaymouse at 2017-11-12 00:30:02 +0000 


%% Saved with string encoding Unicode (UTF-8) 



@article{thomas2017ethical,
	Author = {Thomas, Daniel Robert and others},
	Date-Added = {2017-11-12 00:29:57 +0000},
	Date-Modified = {2017-11-12 00:30:02 +0000},
	Publisher = {ACM},
	Title = {Ethical issues in research using datasets of illicit origin},
	Year = {2017}}

@inproceedings{santanna2016booter,
	Author = {Santanna, Jos{\'e} Jair and others},
	Booktitle = {Network and Service Management (CNSM), 2016 12th International Conference on},
	Date-Added = {2017-11-12 00:27:59 +0000},
	Date-Modified = {2017-11-12 00:28:29 +0000},
	Organization = {IEEE},
	Pages = {144--152},
	Title = {Booter blacklist: Unveiling DDoS-for-hire websites},
	Year = {2016}}

@inproceedings{noroozian2016gets,
	Author = {Noroozian, Arman and others},
	Booktitle = {International Symposium on Research in Attacks, Intrusions, and Defenses},
	Date-Added = {2017-11-12 00:19:06 +0000},
	Date-Modified = {2017-11-12 00:19:10 +0000},
	Organization = {Springer},
	Pages = {368--389},
	Title = {Who gets the boot? Analyzing victimization by DDoS-as-a-Service},
	Year = {2016}}

@inproceedings{santanna2014characterizing,
	Author = {Santanna, Jos{\'e} Jair and Sperotto, Anna},
	Booktitle = {IFIP International Conference on Autonomous Infrastructure, Management and Security},
	Date-Added = {2017-11-12 00:06:48 +0000},
	Date-Modified = {2017-11-12 00:06:48 +0000},
	Organization = {Springer},
	Pages = {74--78},
	Title = {Characterizing and mitigating the DDoS-as-a-service phenomenon},
	Year = {2014}}

@article{karami2013rent,
	Author = {Karami, Mohammad and McCoy, Damon},
	Date-Added = {2017-11-12 00:04:49 +0000},
	Date-Modified = {2017-11-12 00:04:49 +0000},
	Journal = {login:: the magazine of USENIX \& SAGE},
	Number = {6},
	Pages = {20--23},
	Title = {Rent to Pwn: Analyzing Commodity Booter DDoS Services},
	Volume = {38},
	Year = {2013}}

@article{cornish1987understanding,
	Author = {Cornish, Derek B and Clarke, Ronald V},
	Date-Added = {2017-11-11 21:25:18 +0000},
	Date-Modified = {2017-11-11 21:25:18 +0000},
	Journal = {Criminology},
	Number = {4},
	Pages = {933--948},
	Publisher = {Wiley Online Library},
	Title = {Understanding crime displacement: An application of rational choice theory},
	Volume = {25},
	Year = {1987}}

@article{sykes1957techniques,
	Author = {Sykes, Gresham M and Matza, David},
	Date-Added = {2017-11-11 21:17:01 +0000},
	Date-Modified = {2017-11-11 21:17:01 +0000},
	Journal = {American sociological review},
	Number = {6},
	Pages = {664--670},
	Publisher = {JSTOR},
	Title = {Techniques of neutralization: A theory of delinquency},
	Volume = {22},
	Year = {1957}}

@book{sutherland1983white,
	Author = {Sutherland, Edwin Hardin and Geis, Gilbert and Goff, Colin},
	Date-Added = {2017-11-11 21:05:18 +0000},
	Date-Modified = {2017-11-11 21:05:18 +0000},
	Publisher = {Yale University Press New Haven, CT},
	Title = {White collar crime: The uncut version},
	Volume = {58},
	Year = {1983}}

@article{holt2014assessment,
	Author = {Holt, Thomas J and Bossler, Adam M},
	Date-Added = {2017-11-11 20:52:05 +0000},
	Date-Modified = {2017-11-11 20:52:05 +0000},
	Journal = {Deviant Behavior},
	Number = {1},
	Pages = {20--40},
	Publisher = {Taylor \& Francis},
	Title = {An assessment of the current state of cybercrime scholarship},
	Volume = {35},
	Year = {2014}}

@inproceedings{yan2000xenoservice,
	Author = {Yan, Jianxin and others},
	Booktitle = {Proceedings of ISW},
	Date-Added = {2017-11-10 21:43:22 +0000},
	Date-Modified = {2017-11-10 21:44:00 +0000},
	Organization = {sn},
	Title = {The xenoservice-a distributed defeat for distributed denial of service},
	Volume = {2000},
	Year = {2000}}

@article{hutchings2016exploring,
	Author = {Hutchings, Alice and Clayton, Richard},
	Date-Added = {2017-11-10 21:35:50 +0000},
	Date-Modified = {2017-11-10 21:35:50 +0000},
	Journal = {Deviant Behavior},
	Number = {10},
	Pages = {1163--1178},
	Publisher = {Taylor \& Francis},
	Title = {Exploring the provision of online booter services},
	Volume = {37},
	Year = {2016}}

@inproceedings{karami2013understanding,
	Author = {Karami, Mohammad and McCoy, Damon},
	Booktitle = {LEET},
	Date-Added = {2017-11-10 21:35:38 +0000},
	Date-Modified = {2017-11-10 21:35:38 +0000},
	Title = {Understanding the Emerging Threat of DDoS-as-a-Service.},
	Year = {2013}}
