%% This BibTeX bibliography file was created using BibDesk.
%% http://bibdesk.sourceforge.net/

%% Created for sundaymouse at 2017-10-13 04:13:52 +0100 


%% Saved with string encoding Unicode (UTF-8) 



@inproceedings{van2016drammer,
	Author = {van der Veen, Victor and others},
	Booktitle = {Proceedings of the 2016 ACM SIGSAC Conference on Computer and Communications Security},
	Date-Added = {2017-10-13 03:13:46 +0000},
	Date-Modified = {2017-10-13 03:13:52 +0000},
	Organization = {ACM},
	Pages = {1675--1689},
	Title = {Drammer: Deterministic rowhammer attacks on mobile platforms},
	Year = {2016}}

@inproceedings{szefer2011eliminating,
	Author = {Szefer, Jakub and others},
	Booktitle = {Proceedings of the 18th ACM conference on Computer and communications security},
	Date-Added = {2017-10-13 03:11:15 +0000},
	Date-Modified = {2017-10-13 03:11:27 +0000},
	Organization = {ACM},
	Pages = {401--412},
	Title = {Eliminating the hypervisor attack surface for a more secure cloud},
	Year = {2011}}

@inproceedings{mutlu2017rowhammer,
	Author = {Mutlu, Onur},
	Booktitle = {2017 Design, Automation \& Test in Europe Conference \& Exhibition (DATE)},
	Date-Added = {2017-10-13 03:07:36 +0000},
	Date-Modified = {2017-10-13 03:07:36 +0000},
	Organization = {IEEE},
	Pages = {1116--1121},
	Title = {The RowHammer problem and other issues we may face as memory becomes denser},
	Year = {2017}}

@inproceedings{sadeghi2015security,
	Author = {Sadeghi, Ahmad-Reza and others},
	Booktitle = {Design Automation Conference (DAC), 2015 52nd ACM/EDAC/IEEE},
	Date-Added = {2017-10-13 03:00:04 +0000},
	Date-Modified = {2017-10-13 03:11:36 +0000},
	Organization = {IEEE},
	Pages = {1--6},
	Title = {Security and privacy challenges in industrial internet of things},
	Year = {2015}}

@inproceedings{van2011canauth,
	Author = {Van Herrewege, Anthony and others},
	Booktitle = {ECRYPT Workshop on Lightweight Cryptography},
	Date-Added = {2017-10-13 02:56:40 +0000},
	Date-Modified = {2017-10-13 03:11:22 +0000},
	Title = {CANAuth-a simple, backward compatible broadcast authentication protocol for CAN bus},
	Volume = {2011},
	Year = {2011}}

@inproceedings{checkoway2011comprehensive,
	Author = {Checkoway, Stephen and others},
	Booktitle = {USENIX Security Symposium},
	Date-Added = {2017-10-13 02:50:36 +0000},
	Date-Modified = {2017-10-13 03:11:58 +0000},
	Organization = {San Francisco},
	Title = {Comprehensive Experimental Analyses of Automotive Attack Surfaces.},
	Year = {2011}}

@article{egele2012survey,
	Author = {Egele, Manuel and others},
	Date-Added = {2017-10-13 02:46:53 +0000},
	Date-Modified = {2017-10-13 03:11:47 +0000},
	Journal = {ACM computing surveys (CSUR)},
	Number = {2},
	Pages = {6},
	Publisher = {ACM},
	Title = {A survey on automated dynamic malware-analysis techniques and tools},
	Volume = {44},
	Year = {2012}}

@inproceedings{bell2005looking,
	Author = {Bell, David Elliott},
	Booktitle = {Computer Security Applications Conference, 21st Annual},
	Date-Added = {2017-10-13 02:40:11 +0000},
	Date-Modified = {2017-10-13 02:40:11 +0000},
	Organization = {IEEE},
	Pages = {15--pp},
	Title = {Looking back at the bell-la padula model},
	Year = {2005}}

@article{adams1999users,
	Author = {Adams, Anne and Sasse, Martina Angela},
	Date-Added = {2017-10-13 01:19:52 +0000},
	Date-Modified = {2017-10-13 01:19:52 +0000},
	Journal = {Communications of the ACM},
	Number = {12},
	Pages = {40--46},
	Publisher = {ACM},
	Title = {Users are not the enemy},
	Volume = {42},
	Year = {1999}}

@inproceedings{govindavajhala2003using,
	Author = {Govindavajhala, Sudhakar and Appel, Andrew W},
	Booktitle = {Security and Privacy, 2003. Proceedings. 2003 Symposium on},
	Date-Added = {2017-10-13 01:03:07 +0000},
	Date-Modified = {2017-10-13 01:03:07 +0000},
	Organization = {IEEE},
	Pages = {154--165},
	Title = {Using memory errors to attack a virtual machine},
	Year = {2003}}

@incollection{chong2003secure,
	Author = {Chong, Cheun Ngen and others},
	Booktitle = {Security and Privacy in the Age of Uncertainty},
	Date-Added = {2017-10-13 00:51:07 +0000},
	Date-Modified = {2017-10-13 03:11:54 +0000},
	Pages = {73--84},
	Publisher = {Springer},
	Title = {Secure audit logging with tamper-resistant hardware},
	Year = {2003}}

@misc{bordsen1993cache,
	Author = {Bordsen, D.T. and others},
	Date-Added = {2017-10-13 00:49:52 +0000},
	Date-Modified = {2017-10-13 03:12:06 +0000},
	Month = mar # {~9},
	Note = {US Patent 5,193,162},
	Publisher = {Google Patents},
	Title = {Cache memory with data compaction for use in the audit trail of a data processing system having record locking capabilities},
	Url = {https://www.google.com/patents/US5193162},
	Year = {1993},
	Bdsk-Url-1 = {https://www.google.com/patents/US5193162}}

@inproceedings{karger2002thirty,
	Author = {Karger, Paul A and Schell, Roger R},
	Booktitle = {Computer Security Applications Conference, 2002. Proceedings. 18th Annual},
	Date-Added = {2017-10-12 22:08:54 +0000},
	Date-Modified = {2017-10-12 22:08:54 +0000},
	Organization = {IEEE},
	Pages = {119--126},
	Title = {Thirty years later: Lessons from the multics security evaluation},
	Year = {2002}}

@techreport{karger1974multics,
	Author = {Paul Karger and Roger Schell},
	Date-Added = {2017-10-12 22:06:39 +0000},
	Date-Modified = {2017-10-12 22:07:50 +0000},
	Institution = {Electronic Systems Division, Air Force Systems Command},
	Number = {ESD-TR-74-193, v. II},
	Title = {Multics Security Evaluation, Volume II: Vulnerability Analysis. },
	Year = {1974}}

@article{kott2015toward,
	Author = {Kott, Alexander and Ownby, Michael},
	Date-Added = {2017-10-12 21:10:37 +0000},
	Date-Modified = {2017-10-12 21:10:37 +0000},
	Journal = {arXiv preprint arXiv:1512.07943},
	Title = {Toward a Research Agenda in Adversarial Reasoning: Computational Approaches to Anticipating the Opponent's Intent and Actions},
	Year = {2015}}

@inproceedings{razavi2016flip,
	Author = {Razavi, Kaveh and others},
	Booktitle = {USENIX Security Symposium},
	Date-Added = {2017-10-12 20:57:25 +0000},
	Date-Modified = {2017-10-12 20:57:29 +0000},
	Pages = {1--18},
	Title = {Flip Feng Shui: Hammering a Needle in the Software Stack.},
	Year = {2016}}

@inproceedings{koscher2010experimental,
	Author = {Koscher, Karl and others},
	Booktitle = {Security and Privacy (SP), 2010 IEEE Symposium on},
	Date-Added = {2017-10-12 20:56:15 +0000},
	Date-Modified = {2017-10-12 20:56:20 +0000},
	Organization = {IEEE},
	Pages = {447--462},
	Title = {Experimental security analysis of a modern automobile},
	Year = {2010}}
