%% This BibTeX bibliography file was created using BibDesk.
%% http://bibdesk.sourceforge.net/

%% Created for sundaymouse at 2017-10-24 00:23:46 +0100 


%% Saved with string encoding Unicode (UTF-8) 



@inproceedings{leontiadis2014nearly,
	Author = {Leontiadis, Nektarios and others},
	Booktitle = {Proceedings of the 2014 ACM SIGSAC Conference on Computer and Communications Security},
	Date-Added = {2017-10-23 23:23:19 +0000},
	Date-Modified = {2017-10-23 23:23:46 +0000},
	Organization = {ACM},
	Pages = {930--941},
	Title = {A nearly four-year longitudinal study of search-engine poisoning},
	Year = {2014}}

@article{mcguire2013cyber,
	Author = {McGuire, Mike and Dowling, Samantha},
	Date-Added = {2017-10-23 23:16:50 +0000},
	Date-Modified = {2017-10-23 23:17:05 +0000},
	Journal = {Home Office Research Report},
	Title = {Cyber crime: A review of the evidence},
	Volume = {75},
	Year = {2013}}

@inproceedings{soska2015measuring,
	Author = {Soska, Kyle and Christin, Nicolas},
	Booktitle = {USENIX Security Symposium},
	Date-Added = {2017-10-23 23:11:53 +0000},
	Date-Modified = {2017-10-23 23:11:53 +0000},
	Pages = {33--48},
	Title = {Measuring the Longitudinal Evolution of the Online Anonymous Marketplace Ecosystem.},
	Year = {2015}}

@incollection{hofmeyr2013modeling,
	Author = {Hofmeyr, Steven and others},
	Booktitle = {Economics of Information Security and Privacy III},
	Date-Added = {2017-10-23 23:07:08 +0000},
	Date-Modified = {2017-10-23 23:23:31 +0000},
	Pages = {149--170},
	Publisher = {Springer},
	Title = {Modeling internet-scale policies for cleaning up malware},
	Year = {2013}}

@article{van2013governance,
	Author = {Van Eeten, Michel JG and Mueller, Milton},
	Date-Added = {2017-10-23 23:04:53 +0000},
	Date-Modified = {2017-10-23 23:04:53 +0000},
	Journal = {New Media \& Society},
	Number = {5},
	Pages = {720--736},
	Publisher = {Sage Publications Sage UK: London, England},
	Title = {Where is the governance in Internet governance?},
	Volume = {15},
	Year = {2013}}

@inproceedings{baddeley2011information,
	Author = {Baddeley, Michelle},
	Booktitle = {Workshop on the Economics of Information Security},
	Date-Added = {2017-10-23 22:53:30 +0000},
	Date-Modified = {2017-10-23 22:53:30 +0000},
	Title = {Information security: lessons from behavioural economics},
	Year = {2011}}

@article{pal2012cyberinsurance,
	Author = {Pal, Ranjan and Hui, Pan},
	Date-Added = {2017-10-23 22:50:42 +0000},
	Date-Modified = {2017-10-23 22:50:42 +0000},
	Journal = {ACM SIGMETRICS Performance Evaluation Review},
	Number = {3},
	Pages = {86--88},
	Publisher = {ACM},
	Title = {Cyberinsurance for cybersecurity a topological take on modulating insurance premiums},
	Volume = {40},
	Year = {2012}}

@article{miltgen2014cultural,
	Author = {Miltgen, Caroline Lancelot and Peyrat-Guillard, Dominique},
	Date-Added = {2017-10-23 22:45:34 +0000},
	Date-Modified = {2017-10-23 22:45:34 +0000},
	Journal = {European Journal of Information Systems},
	Number = {2},
	Pages = {103--125},
	Publisher = {Springer},
	Title = {Cultural and generational influences on privacy concerns: a qualitative study in seven European countries},
	Volume = {23},
	Year = {2014}}

@url{cryptowar,
	Author = {Simon Sharwood},
	Date-Added = {2017-10-23 22:29:08 +0000},
	Date-Modified = {2017-10-23 22:29:58 +0000},
	Lastchecked = {Oct 23, 2017},
	Month = {July},
	Title = {UK spookhaus GCHQ can crack end-to-end encryption, claims Australian A-G},
	Url = {https://www.theregister.co.uk/2017/07/14/uk_spookhas_gchq_can_crack_endtoend_encryption_says_australian_ag/},
	Urldate = {July 14, 2017},
	Year = {2017}}

@inproceedings{zhou2014peril,
	Author = {Zhou, Xiaoyong and others},
	Booktitle = {Security and Privacy (SP), 2014 IEEE Symposium on},
	Date-Added = {2017-10-23 22:20:51 +0000},
	Date-Modified = {2017-10-23 22:20:57 +0000},
	Organization = {IEEE},
	Pages = {409--423},
	Title = {The peril of fragmentation: Security hazards in android device driver customizations},
	Year = {2014}}

@article{fang2014permission,
	Author = {Fang, Zheran and others},
	Date-Added = {2017-10-23 22:16:58 +0000},
	Date-Modified = {2017-10-23 23:23:38 +0000},
	Journal = {computers \& security},
	Pages = {205--218},
	Publisher = {Elsevier},
	Title = {Permission based Android security: Issues and countermeasures},
	Volume = {43},
	Year = {2014}}

@inproceedings{wang2015mole,
	Author = {Wang, He and others},
	Booktitle = {Proceedings of the 21st Annual International Conference on Mobile Computing and Networking},
	Date-Added = {2017-10-23 22:13:33 +0000},
	Date-Modified = {2017-10-23 22:13:39 +0000},
	Organization = {ACM},
	Pages = {155--166},
	Title = {Mole: Motion leaks through smartwatch sensors},
	Year = {2015}}

@article{wagner2014device,
	Author = {Wagner, Daniel T and others},
	Date-Added = {2017-10-23 22:08:39 +0000},
	Date-Modified = {2017-10-23 22:08:44 +0000},
	Journal = {ACM SIGMETRICS Performance Evaluation Review},
	Number = {4},
	Pages = {53--56},
	Publisher = {ACM},
	Title = {Device Analyzer: Large-scale mobile data collection},
	Volume = {41},
	Year = {2014}}

@incollection{anderson2013measuring,
	Author = {Anderson, Ross and others},
	Booktitle = {The economics of information security and privacy},
	Date-Added = {2017-10-23 19:26:10 +0000},
	Date-Modified = {2017-10-23 19:26:15 +0000},
	Pages = {265--300},
	Publisher = {Springer},
	Title = {Measuring the cost of cybercrime},
	Year = {2013}}

@article{van2010role,
	Author = {Van Eeten, Michel and others},
	Date-Added = {2017-10-23 19:25:37 +0000},
	Date-Modified = {2017-10-23 19:25:43 +0000},
	Title = {The role of internet service providers in botnet mitigation an empirical analysis based on spam data},
	Year = {2010}}

@article{anderson2009information,
	Author = {Anderson, Ross and Moore, Tyler},
	Date-Added = {2017-10-23 19:24:21 +0000},
	Date-Modified = {2017-10-23 19:24:21 +0000},
	Journal = {Philosophical Transactions of the Royal Society of London A: Mathematical, Physical and Engineering Sciences},
	Number = {1898},
	Pages = {2717--2727},
	Publisher = {The Royal Society},
	Title = {Information security: where computer science, economics and psychology meet},
	Volume = {367},
	Year = {2009}}
