%% This BibTeX bibliography file was created using BibDesk.
%% http://bibdesk.sourceforge.net/

%% Created for sundaymouse at 2017-10-17 17:44:40 +0100 


%% Saved with string encoding Unicode (UTF-8) 



@inproceedings{gujrati2013usability,
	Author = {Gujrati, Sumeet and Vasserman, Eugene Y},
	Booktitle = {Proceedings of the third ACM conference on Data and application security and privacy},
	Date-Added = {2017-10-17 16:44:39 +0000},
	Date-Modified = {2017-10-17 16:44:39 +0000},
	Organization = {ACM},
	Pages = {83--94},
	Title = {The usability of truecrypt, or how i learned to stop whining and fix an interface},
	Year = {2013}}

@article{glass2016usability,
	Author = {Glass, Brain and others},
	Date-Added = {2017-10-17 13:21:13 +0000},
	Date-Modified = {2017-10-17 16:12:28 +0000},
	Journal = {arXiv preprint arXiv:1607.03417},
	Title = {The usability canary in the security coal mine: A cognitive framework for evaluation and design of usable authentication solutions},
	Year = {2016}}

@article{herley2014more,
	Author = {Herley, Cormac},
	Date-Added = {2017-10-17 13:20:44 +0000},
	Date-Modified = {2017-10-17 13:20:44 +0000},
	Journal = {IEEE Security \& Privacy},
	Number = {1},
	Pages = {14--19},
	Publisher = {IEEE},
	Title = {More is not the answer},
	Volume = {12},
	Year = {2014}}

@inproceedings{whitten1999johnny,
	Author = {Whitten, Alma and Tygar, J Doug},
	Booktitle = {USENIX Security Symposium},
	Date-Added = {2017-10-17 13:19:46 +0000},
	Date-Modified = {2017-10-17 13:19:46 +0000},
	Title = {Why Johnny Can't Encrypt: A Usability Evaluation of PGP 5.0.},
	Volume = {348},
	Year = {1999}}
