%% This BibTeX bibliography file was created using BibDesk.
%% http://bibdesk.sourceforge.net/

%% Created for sundaymouse at 2017-11-20 21:45:27 +0000 


%% Saved with string encoding Unicode (UTF-8) 



@article{merz2012llbmc,
	Author = {Merz, Florian and others},
	Date-Added = {2017-11-20 21:45:21 +0000},
	Date-Modified = {2017-11-20 21:45:27 +0000},
	Journal = {Verified Software: Theories, Tools, Experiments},
	Pages = {146--161},
	Publisher = {Springer},
	Title = {LLBMC: Bounded model checking of C and C++ programs using a compiler IR},
	Year = {2012}}

@misc{dullien2009reil,
	Author = {Dullien, Thomas and Porst, Sebastian},
	Date-Added = {2017-11-20 21:37:03 +0000},
	Date-Modified = {2017-11-20 21:37:03 +0000},
	Publisher = {CanSecWest},
	Title = {REIL: A platform-independent intermediate representation of disassembled code for static code analysis},
	Year = {2009}}

@article{dillig2009sail,
	Author = {Dillig, Isil and Dillig, Thomas and Aiken, Alex},
	Date-Added = {2017-11-20 21:34:14 +0000},
	Date-Modified = {2017-11-20 21:34:14 +0000},
	Journal = {Stanford University Technical Report},
	Title = {SAIL: Static analysis intermediate language with a two-level representation},
	Year = {2009}}

@inproceedings{von2012clustered,
	Author = {Von Tessin, Michael},
	Booktitle = {Proceedings of the 2nd Workshop on Systems for Future Multi-core Architectures, Bern, Switzerland},
	Date-Added = {2017-11-20 21:22:00 +0000},
	Date-Modified = {2017-11-20 21:22:00 +0000},
	Title = {The clustered multikernel: An approach to formal verification of multiprocessor OS kernels},
	Year = {2012}}

@article{israeli2010linux,
	Author = {Israeli, Ayelet and Feitelson, Dror G},
	Date-Added = {2017-11-20 21:02:12 +0000},
	Date-Modified = {2017-11-20 21:02:12 +0000},
	Journal = {Journal of Systems and Software},
	Number = {3},
	Pages = {485--501},
	Publisher = {Elsevier},
	Title = {The Linux kernel as a case study in software evolution},
	Volume = {83},
	Year = {2010}}

@inproceedings{szekeres2013sok,
	Author = {Szekeres, Laszlo and others},
	Booktitle = {Security and Privacy (SP), 2013 IEEE Symposium on},
	Date-Added = {2017-11-20 19:45:02 +0000},
	Date-Modified = {2017-11-20 19:45:07 +0000},
	Organization = {IEEE},
	Pages = {48--62},
	Title = {Sok: Eternal war in memory},
	Year = {2013}}

@article{bessey2010few,
	Author = {Bessey, Al and others},
	Date-Added = {2017-11-20 19:44:36 +0000},
	Date-Modified = {2017-11-20 19:44:44 +0000},
	Journal = {Communications of the ACM},
	Number = {2},
	Pages = {66--75},
	Publisher = {ACM},
	Title = {A few billion lines of code later: using static analysis to find bugs in the real world},
	Volume = {53},
	Year = {2010}}

@inproceedings{klein2009sel4,
	Author = {Klein, Gerwin and others},
	Booktitle = {Proceedings of the ACM SIGOPS 22nd symposium on Operating systems principles},
	Date-Added = {2017-11-20 19:43:56 +0000},
	Date-Modified = {2017-11-20 19:44:02 +0000},
	Organization = {ACM},
	Pages = {207--220},
	Title = {seL4: Formal verification of an OS kernel},
	Year = {2009}}
