%% This BibTeX bibliography file was created using BibDesk.
%% http://bibdesk.sourceforge.net/

%% Created for sundaymouse at 2017-10-31 11:23:17 +0000 


%% Saved with string encoding Unicode (UTF-8) 



@inproceedings{bonneau2012quest,
	Author = {Bonneau, Joseph and Herley, Cormac and Van Oorschot, Paul C and Stajano, Frank},
	Booktitle = {Security and Privacy (SP), 2012 IEEE Symposium on},
	Date-Added = {2017-10-31 11:23:06 +0000},
	Date-Modified = {2017-10-31 11:23:06 +0000},
	Organization = {IEEE},
	Pages = {553--567},
	Title = {The quest to replace passwords: A framework for comparative evaluation of web authentication schemes},
	Year = {2012}}

@article{adams1999users,
	Author = {Adams, Anne and Sasse, Martina Angela},
	Date-Added = {2017-10-31 11:22:34 +0000},
	Date-Modified = {2017-10-31 11:22:34 +0000},
	Journal = {Communications of the ACM},
	Number = {12},
	Pages = {40--46},
	Publisher = {ACM},
	Title = {Users are not the enemy},
	Volume = {42},
	Year = {1999}}

@article{morris1979password,
	Author = {Morris, Robert and Thompson, Ken},
	Date-Added = {2017-10-31 11:22:15 +0000},
	Date-Modified = {2017-10-31 11:22:15 +0000},
	Journal = {Communications of the ACM},
	Number = {11},
	Pages = {594--597},
	Publisher = {ACM},
	Title = {Password security: A case history},
	Volume = {22},
	Year = {1979}}
